@misc{labPartA,
    author = "Nick Simpson",
    title = "Electromagnetic Characterisation of a Short-Stroke Ferromagnetic Actuator: Part A",
    year = "2020"
}

@misc{labPartB,
    author = "Nick Simpson",
    title = "Electromagnetic Characterisation of a Short-Stroke Ferromagnetic Actuator: Part B",
    year = "2020"
}

@misc{menerouddesign,
  title={Design of a 2 stages compressor for mobility applications, using compact and efficient Moving Iron Controllable Actuators},
  author={Meneroud, Patrick and Meylan, France and Nil, Celen and Rowe, Steven and Isselhorst, Armin and Persson, Jan and Aigouy, G{\'e}rald and Branco, Moritz},
  howpublished="\url{https://www.cedrat-technologies.com/fileadmin/user_upload/CTEC/Publications/Publications/2019/Design_of_EM_compressor_Cedrat_Technologies_ISEF219_Article.pdf}"
}